@article{ art:native_apps_vs_mobile_apps,
    author = {{Bakar, B.}},
    title = {{Native Apps vs. Mobile Apps}},
    year = {2013},
    url = {https://online-journals.org/index.php/i-jim/article/view/3226},
}

@article{ art:challenges_and_best_practices,
    author = {{[Kumar, N. y Krishna, K. y Manjula, R.}},
    title = {{Challenges and Best Practices in Mobile Application Development.}},
    year = {2007},
    url = {https://www.semanticscholar.org/paper/Challenges-and-Best-Practices-in-Mobile-Application-Kumar-Krishna/4643372b13dbe3feb0ce914326ee0625de1811a0},
}

@book{ book:ingenieria_del_software,
    author = {{[Pressman, R.}},
    title = {{Ingeniería del software: Un enfoque práctico (7ma ed.)}},
    year = {2014},
    publisher = {McGraw Hill},
}

@article{ art:mobile_application_development,
    author = {{[Mushtaq, Z., Mirmani, M., Mohsin, S. y Wahid, A.}},
    title = {{Mobile Application Development: Issues and Challenges. International Research Journal of Engineering and Technology.}},
    year = {2018},
    url = {https://www.researchgate.net/publication/327154905_Mobile_Application_Development_Issues_and_Challenges},
}

@article{ art:asana_proceso_desarrollo,
    author = {{[Raeburn, A.}},
    title = {{El proceso de desarrollo de productos en 6 etapas. }},
    year = {2022},
    url = {https://asana.com/es/resources/product-development-process},
}

@book{ book:ingenieria_software_pearson,
    author = {{[Sommerville, I.}},
    title = {{Ingeniería de software (9ª ed.).}},
    year = {2011},
    publisher = {Pearson},
}

@book{ book:tipos_pruebas_funcionales,
    author = {{[Vargas, C}},
    title = {{Tipos de pruebas funcionales para el aseguramiento de la calidad. }},
    year = {2023},
    publisher = {Pearson},
}

@article{ art:architectural_styles,
    author = {{[Fielding, R.}},
    title = {{Architectural Styles, and the Design of Network-based Software Architectures.}},
    year = {2000},
    url = {https://www.ics.uci.edu/~fielding/pubs/dissertation/top.htm},
    publisher = {University of California, Irvine. },
}

@book{book:restful_webservices_allamaraju,
    author = {{[Allamaraju, S.}},
    title = {{RESTful Web Services Cookbook.}},
    year = {2010},
    publisher = {O’Reilly.},
}

@article{ art:designing_web_api,
    author = {{[Jin, B., Sahni, S. y Shevat, A.}},
    title = {{Designing web APIs.}},
    year = {2018},
    url = {https://www.sciencedirect.com/science/article/abs/pii/S0304541223001191}
}

@book{ book:beatiful_code,
    author = {{[Oram, A. y Wilson, G.}},
    title = {{Beautiful Code: Leading Programmers Explain How They Think.}},
    year = {2007},
    publisher = {O’Reilly},
}

@book{ book:restful_webservices_richardson,
    author = {{[Richardson, L., y Ruby, S.}},
    title = {{RESTful Web Services.}},
    year = {2007},
    publisher = {O’Reilly},
}

@article{ art:google_app_engine,
    author = {{[Sanderson, J.}},
    title = {{Programming Google App Engine.}},
    year = {2009},
    url = {https://docplayer.net/10906503-Programming-google-app-engine.html},
    publisher = {O’Reilly},
}

@article{ art:comparision_json_xml,
    author = {{[Nurseitov, N., Paulson, M., Reynolds, R. y Izurieta, C.}},
    title = {{Comparison of JSON and XML Data Interchange Formats: A Case Study.}},
    year = {2009},
    url = {https://www.cs.montana.edu/izurieta/pubs/caine2009.pdf},
    publisher = {Department of Computer Science Montana State University – Bozeman.},
}

@article{ art:json_media_type,
    author = {{[Crockford, D.}},
    title = {{The application / json Media Type for JavaScript Object Notation (JSON).}},
    year = {2006},
    url ={https://www.researchgate.net/publication/242472777_The_applicationjson_Media_Type_for_JavaScript_Object_Notation_JSON},
    publisher = {Network Working Group.},
}

@article{ art:pro_git,
    author = {{[Chacon, S., y Straub, B.}},
    title = {{Pro Git}},
    year = {2005},
    url ={https://progit2.s3.amazonaws.com/en/2016-03-22-f3531/progit-en.1084.pdf},
    publisher = {Apress},
}

@book{ book:growing_object_oriented,
    author = {{[Freeman, S., y Pryce, N. }},
    title = {{Growing object-oriented software, guided by tests. Addison-Wesley Professional.}},
    year = {2010},
}

@article{ art:arquitectura_basada_dominio,
    author = {{[Cambarieri, M., Difabio, F. y García, N.}},
    title = {{Implementación de una Arquitectura de Software guiada por el Dominio. ASSE, Simposio Argentino de Ingeniería de Software.}},
    year = {2020},
    url ={https://49jaiio.sadio.org.ar/pdfs/asse/ASSE%2011.pdf},
}

@book{ book:arquitectura_limpia,
    author = {{[Martín, R.}},
    title = {{Arquitectura limpia. Guía para especialistas en la estructura y el diseño de software.}},
    year = {2017},
    publisher = {Anaya Multimedia},  
}

@book{ book:base_de_datos_connolly,
    author = {{[Connolly, T., y Begg, C.}},
    title = {{Database systems: A practical approach to design, implementation, and management}},
    year = {2015},
    publisher = {Pearson},  
}

@book{ book:base_de_datos_coronel,
    author = {{[Coronel, C., Morris, S., y Rob, P.}},
    title = {{Database systems: Design, implementation, and management. Cengage Learning.}},
    year = {2011},
    publisher = {Cengage Learning}, 
}

@book{ book:base_de_datos_ramakrishnan,
    author = {{[Ramakrishnan, R., y Gehrke, J.}},
    title = {{Database management systems.}},
    year = {2003},
    publisher = {McGraw-Hill},  
}

@article{ art:docker_containers,
    author = {{[Merkel, D.}},
    title = {{Docker: Lightweight Linux containers for consistent development and deployment. Linux Journal.}},
    year = {2014},
    url ={https://www.linuxjournal.com/content/docker-lightweight-linux-containers-consistent-development-and-deployment},
}

@article{ art:docker_boettinger,
    author = {{[Boettiger, C.}},
    title = {{An introduction to Docker for reproducible research. Center for Stock Assessment Research.}},
    year = {2015},
    url ={https://www.researchgate.net/publication/266477818_An_introduction_to_Docker_for_reproducible_research_with_examples_from_the_R_environment},
}

@article{ art:docker_microsoft,
    author = {{[Microsoft}},
    title = {{Microsoft to acquire GitHub for \$7.5 billion.}},
    year = {2018},
    url ={https://news.microsoft.com/2018/06/04/microsoft-to-acquire-github-for-7-5-billion/},
}

@book{ book:golang_donovan,
    author = {{[Donovan, A. y Kernighan, B.}},
    title = {{The Go Programming Language. Addison-Wesley. }},
    year = {2016},
}

@book{ book:mckinney_python,
    author = {{[McKinney, W.}},
    title = {{Python for data analysis (2da ed.)}},
    year = {2018},
    publisher = {O’Reilly Media},  
}

@book{ book:mitchell_r,
    author = {{[Mitchell, R.}},
    title = {{Web scraping with Python (2da ed.)}},
    year = {2018},
    publisher = {O’Reilly Media},  
}

@book{ book:momjian_b,
    author = {{[Momjian, B.}},
    title = {{PostgreSQL: Introduction and Concepts. Addison-Wesley)}},
    year = {2001},
    publisher = {Addison-Wesley},  
}

@book{ book:Obe,
    author = {{[Obe, R. y Hsu, L.}},
    title = {{PostgreSQL: Up and Running: A Practical Guide to the Advanced Open Source Database.)}},
    year = {2018},
    publisher = {O’Reilly},  
}

@book{ book:fontaine,
    author = {{[Fontaine, D.}},
    title = {{The Art of PostgreSQL. PostgreSQL Major Contributor.)}},
    year = {2018},
    publisher = {Dimitri Fontaine},  
}

@book{ book:schoning,
    author = {{[Schönig, H.}},
    title = {{Mastering PostgreSQL 11: Expert techniques to build scalable, reliable, and fault-tolerant database applications. Packt Publishing. )}},
    year = {2018},
    publisher = {Packt},  
}

@article{ art:bhattacharya,
    author = {{[Bhattacharya, A.}},
    title = {{Postman Tutorial for Beginners}},
    year = {2019},
    url ={https://www.guru99.com/postman-tutorial.html},
}

@article{ art:chatterjee,
    author = {{[Chatterjee, S.}},
    title = {{The top 9 API Testing Tools to Watch Out in 2021}},
    year = {2021},
    url ={https://dzone.com/articles/the-9-api-testing-tools-to-watch-out-in-2021},
}

@book{ book:rusell,
    author = {{[Russell, M. y Klassen}},
    title = {{Mining the social web (3era ed.))}},
    year = {2019},
    publisher = {O’Reilly Media.},  
}

@book{ book:haverbeke,
    author = {{[Haverbeke, M.}},
    title = {{Eloquent JavaScript (3er ed).}},
    year = {2018},
    publisher = {Creative Commons},
}

@article{ art:tableplus,
    author = {{[Trigo, A.}},
    title = {{TablePlus Pros y Cons.}},
    year = {2023},
    url ={https://alvarotrigo.com/blog/tableplus-review/},
    note = "[Internet; descargado 11-junio-2023]"
}

@book{ book:kniberg,
    author = {{[Kniberg, H.}},
    title = {{Scrum and XP from the trenches.}},
    year = {2007},
    publisher = {C4Media},
}

@book{ book:scrum,
    author = {{[Sutherland, J.}},
    title = {{A revolutionary approach to building teams, beating deadlines, and boosting productivity.}},
    year = {2023},
    publisher = {Random House}
}

@article{ art:que_es_jira,
    author = {{[Atlassian}},
    title = {{¿Qué es JIRA?}},
    year = {2023},
    url ={https://www.ionos.es/digitalguide/paginas-web/desarrollo-web/que-es-jira/},
}

@article{ art:jira_tutorial,
    author = {{[Hamilton, T.}},
    title = {{JIRA Tutorial: Una guía completa para principiantes. Guru 99.}},
    year = {2023},
    url ={https://www.guru99.com/jira-tutorial-a-complete-guide-for-beginners.html},
}


@article{ art:jira_osman,
    author = {{[Osman, J.}},
    title = {{¿Qué es JIRA? Descripción general y guía completa. }},
    year = {2022},
    url ={https://appmaster.io/es/blog/que-es-jira},
}

@article{ art:visual_code_flores,
    author = {{[Flores, F.}},
    title = {{Qué es Visual Studio Code y qué ventajas ofrece.}},
    year = {2022},
    url ={https://openwebinars.net/blog/que-es-visual-studio-code-y-que-ventajas-ofrece/#:~:text=Visual%20Studio%20Code%20es%20un,y%20conectar%20con%20otros%20servicios.},
}

@article{ art:latex,
    author = {{[LaTeX}},
    title = {{A document preparation system. The LaTeX Project.}},
    year = {2022},
    url ={https://www.latex-project.org/},
}

@article{ art:sonarqube_ortega,
    author = {{[Ortega, M.}},
    title = {{Que es SonarQube y como nos ayuda para medir la calidad de nuestro código. }},
    year = {2022},
    url ={https://mortegac.medium.com/que-es-sonarqube-y-como-nos-ayuda-para-medir-la-calidad-de-nuestro-código-c78a383bbf9e},
}

@article{ art:github_actions,
    author = {{[Canorea, E.}},
    title = {{GitHub Actions. Introducción.}},
    year = {2021},
    url ={https://www.plainconcepts.com/es/que-es-github-actions/},
}

@article{ art:draw_io,
    author = {{[Vázquez, J.}},
    title = {{Mucho más que mapas mentales.}},
    year = {2020},
    url ={https://intef.es/wp-content/uploads/2020/11/draw_v2.pdf},
}

@article{ art:digital_ocean,
    author = {{[Clemente, M.}},
    title = {{Digital Ocean: qué es, cómo usar, ventajas y desventajas.}},
    year = {2020},
    url ={https://rockcontent.com/es/blog/digital-ocean/},
}

@article{ art:swagger_lopez,
    author = {{[López, L}},
    title = {{Configura Swagger para documentar tu API REST con Spring Boot.}},
    year = {2019},
    url ={https://openwebinars.net/blog/configura-swagger-para-documentar-tu-api-rest-con-spring-boot/},
}

@article{ art:swagger_rodriguez,
    author = {{[Rodríguez, T.}},
    title = {{Swagger, framework para generar documentación de APIs RESTful y un sandbox para probar llamadas.}},
    year = {2013},
    url ={https://www.genbeta.com/desarrollo/swagger-framework-para-generar-documentacion-de-apis-restful-y-un-sandbox-para-probar-llamadas},
}
@article{ art:docker_hub,
    author = {{[Microsoft}},
    title = {{Deploy to Docker Hub. Learn Microsoft.}},
    year = {2022},
    url ={https://learn.microsoft.com/en-us/visualstudio/containers/deploy-docker-hub?view=vs-2022},
}

@article{ art:faiss,
    author = {{[Foundry}},
    title = {{¿Qué es la búsqueda vectorial?}},
    year = {2022},
    url ={https://www.computerworld.es/tecnologia/que-es-la-busqueda-vectorial#:~:text=Faiss%20permite%20personalizar%20el%20preprocesamiento,separado%20para%20CPU%20y%20GPU},
}




@web{ art:licencias,
    author = {{[Fingermann, H.}},
    title = {{Concepto de licencia.}},
    year = {2023},
    url ={https://deconceptos.com/general/licencia},
}

@misc{ web:emur,
       year = "2023",
       howpublished = {\url{http://emur.org.uy/wp/}},
       note = "[Internet; descargado 15-junio-2023]"
}

@misc{ web:msif,
       year = "2023",
       howpublished = {\url{https://www.msif.org/}},
       note = "[Internet; descargado 15-junio-2023]"
}

@misc{ web:brujula_emur,
       year = "2023",
       howpublished = {\url{https://brujulaem.uy/sitio/}},
       note = "[Internet; descargado 15-junio-2023]"
}

@misc{ web:acceso_internet,
       title = {{EUTIC 2022: continúa creciendo el acceso a Internet en los hogares del país.}},
       year = "2023",
       howpublished = {\url{https://www.gub.uy/agencia-gobierno-electronico-sociedad-informacion-conocimiento/comunicacion/noticias/eutic-2022-continua-creciendo-acceso-internet-hogares-del-pais}},
       note = "[Internet; descargado 15-junio-2023]"
}

@book{ book:golang_programacion,
    author = {{[Muñoz, L.}},
    title = {{Programación estructurada en Go-lang}},
    year = {2021},
    publisher = {Editorial CIMTED},
}
