@misc{ ieee_830_1998_recommended,
    author = "IEEE",
	title = {{IEEE} {SA} - 830-1998 - {IEEE} {Recommended} {Practice} for {Software} {Requirements} {Specifications}},
	url = {https://standards.ieee.org/findstds/standard/830-1998.html},
	note = "[Online; Accedido 10-Junio-2023]"
}

@misc{ web:docker,
       author = "Carolina, D.",
       title = "¿Qué es Docker y cómo funciona? – Una explicación sencilla",
       year = "2023",
       howpublished = {\url{https://www.hostinger.es/tutoriales/que-es-docker}},
       note = "[Internet; descargado 10-junio-2023]"
}

@misc{ web:vps,
       author = "García, C.",
       title = "¿Qué es un VPS? Todo lo que necesitas saber sobre servidores virtuales.",
       year = "2023",
       howpublished = {\url{https://www.hostinger.es/tutoriales/que-es-un-vps}},
       note = "[Internet; descargado 10-junio-2023]"
}

@misc{ web:digitalocean,
       author = "Deyimar, A.",
       title = "¿Qué es DigitalOcean y por qué debería considerar su uso?",
       year = "2023",
       howpublished = {\url{https://appmaster.io/es/blog/que-es-digitalocean}},
       note = "[Internet; descargado 10-junio-2023]"
}

@misc{ web:docker-compose,
       author = "Jürgenson, S.",
       title = "Introducción a Docker Compose",
       year = "2023",
       howpublished = {\url{https://appmaster.io/es/blog/composicion-acoplable}},
       note = "[Internet; descargado 10-junio-2023]"
}

@misc{ web:ssh-key,
       author = "Gustavo, B.",
       title = "Como Generar SSH Keys (Llaves SSH) en PuTTY para la seguridad de tu sitio web",
       year = "2023",
       howpublished = {\url{https://www.hostinger.es/tutoriales/llaves-ssh}},
       note = "[Internet; descargado 10-junio-2023]"
}

@misc{ web:postgresql,
       author = "Momjian, B.",
       title = " PostgreSQL: Introduction and Concepts. Addison-Wesley.",
       year = "2004",
       howpublished = {\url{https://momjian.us/main/writings/pgsql/other/bookfigs.pdf}},
       note = "[Internet; descargado 10-junio-2023]"
}

@misc{ web:sonarqube,
       author = "Ortega, M.",
       title = " Que es SonarQube y como nos ayuda para medir la calidad de nuestro código",
       year = "2020",
       howpublished = {\url{https://mortegac.medium.com/que-es-sonarqube-y-como-nos-ayuda-para-medir-la-calidad-de-nuestro-c%C3%B3digo-c78a383bbf9e}},
       note = "[Internet; descargado 11-junio-2023]"
}

@misc{ web:bps,
       author = "B.P.S",
       title = " Simulador de Aportes",
       year = "2023",
       howpublished = {\url{https://app1.bps.gub.uy/AcercaSimuladorCalculosWeb/paginas/simuladorPersona/seleccionSimulacion.jsf}},
       note = "[Internet; descargado 20-junio-2023]"
}

@article{ art:licencias,
    author = {{[Fingermann, H.}},
    title = {{Concepto de licencia.}},
    year = {2023},
    url ={https://deconceptos.com/general/licencia},
}